% Encoding: UTF-8

@Online{IMUDatasheet,
  title = {Data Sheet ADIS16405 - Triaxial Inertial Sensor with Magnetometer},
  date  = {2017-02-21},
  url   = {http://www.analog.com/media/en/technical-documentation/data-sheets/ADIS16405.pdf},
}

@Online{IMUFigure,
  title = {Original authentic ADIS16405BMLZ MODULE GYRO/ACCEL/MAG 24M Sensors},
  date  = {2017-02-21},
  url   = {https://www.aliexpress.com/item/Original-authentic-ADIS16405BMLZ-MODULE-GYRO-ACCEL-MAG-24M-Sensors-Transducers-Multifunction-ADIS16405-Free-shipping/32389942714.html?spm=2114.40010408.3.1.bJVySu},
}

@Online{Mega2560,
  title = {Arduino MEGA 2560},
  date  = {2017-02-21},
  url   = {https://www.arduino.cc/en/Main/arduinoBoardMega2560},
}

@Comment{jabref-meta: databaseType:biblatex;}
